<?xml version="1.0" encoding="UTF-8"?><collection xmlns="http://www.loc.gov/MARC21/slim"><record><leader>00373nam--2200145-i-4500</leader><controlfield tag="001">000007964</controlfield><controlfield tag="002">20161230</controlfield><controlfield tag="005">20170305222538</controlfield><controlfield tag="008">060222s1000------------r-----000-0-eng-d</controlfield><datafield ind1=" " ind2=" " tag="100"><subfield code="a">Dyne, P. J</subfield></datafield><datafield ind1=" " ind2=" " tag="245"><subfield code="a">A practical course in radiation chemistry</subfield></datafield><datafield ind1=" " ind2=" " tag="260"><subfield code="a">Lahore</subfield><subfield code="b">Atomic Energy Centre</subfield><subfield code="c">1963</subfield></datafield><datafield ind1=" " ind2=" " tag="300"><subfield code="a">I+40 p</subfield></datafield><datafield ind1=" " ind2=" " tag="700"><subfield code="a">Farhataziz</subfield></datafield><datafield ind1=" " ind2=" " tag="CAT"><subfield code="a">SYS</subfield><subfield code="c">20170305</subfield><subfield code="h">222538</subfield></datafield></record></collection>